@article{PilotNET_application,
  title   = {End to end learning for self-driving cars},
  author  = {Bojarski, Mariusz and Del Testa, Davide and Dworakowski, Daniel and Firner, Bernhard and Flepp, Beat and Goyal, Prasoon and Jackel, Lawrence D and Monfort, Mathew and Muller, Urs and Zhang, Jiakai and others},
  journal = {arXiv preprint arXiv:1604.07316},
  year    = {2016}
}

@article{PilotNET,
  title   = {Explaining how a deep neural network trained with end-to-end learning steers a car},
  author  = {Bojarski, Mariusz and Yeres, Philip and Choromanska, Anna and Choromanski, Krzysztof and Firner, Bernhard and Jackel, Lawrence and Muller, Urs},
  journal = {arXiv preprint arXiv:1704.07911},
  year    = {2017}
}

@inproceedings{CNN_can_self_drive,
  author    = {Jhung, Junekyo and Bae, Il and Moon, Jaeyoung and Kim, Taewoo and Kim, Jincheol and Kim, Shiho},
  booktitle = {2018 IEEE Intelligent Vehicles Symposium (IV)},
  title     = {End-to-End Steering Controller with CNN-based Closed-loop Feedback for Autonomous Vehicles},
  year      = {2018},
  volume    = {},
  number    = {},
  pages     = {617-622},
  keywords  = {Training;Wheels;Autonomous vehicles;Cameras;Artificial neural networks;Computer architecture;Roads},
  doi       = {10.1109/IVS.2018.8500440}
}

@inproceedings{self_drive_latency_and_model_size_drawbacks,
  author    = {Do, Truong-Dong and Duong, Minh-Thien and Dang, Quoc-Vu and Le, My-Ha},
  booktitle = {2018 4th International Conference on Green Technology and Sustainable Development (GTSD)},
  title     = {Real-Time Self-Driving Car Navigation Using Deep Neural Network},
  year      = {2018},
  volume    = {},
  number    = {},
  pages     = {7-12},
  keywords  = {Automobiles;Computational modeling;Neural networks;Hardware;Cameras;Real-time systems;Autonomous automobiles;real-time navigation;self-driving car;deep neural networks;convolutional neural networks;embedded systems.},
  doi       = {10.1109/GTSD.2018.8595590}
}

@article{lane_detection_good_results_zigzag,
  author  = {Faizi, Fayez and Alsulaifanie, Ahmed},
  year    = {2023},
  month   = {07},
  pages   = {392-399},
  title   = {Steering angle prediction via neural networks},
  volume  = {31},
  journal = {Indonesian Journal of Electrical Engineering and Computer Science},
  doi     = {10.11591/ijeecs.v31.i1.pp1-1x}
}